%YAML 1.1
%TAG !u! tag:unity3d.com,2011:
--- !u!1 &3503872905677835483
GameObject:
  m_ObjectHideFlags: 0
  m_CorrespondingSourceObject: {fileID: 0}
  m_PrefabInstance: {fileID: 0}
  m_PrefabAsset: {fileID: 0}
  serializedVersion: 6
  m_Component:
  - component: {fileID: 3503872905677835477}
  - component: {fileID: 3503872905677835476}
  m_Layer: 0
  m_Name: Circular Menu
  m_TagString: Untagged
  m_Icon: {fileID: 0}
  m_NavMeshLayer: 0
  m_StaticEditorFlags: 0
  m_IsActive: 1
--- !u!224 &3503872905677835477
RectTransform:
  m_ObjectHideFlags: 0
  m_CorrespondingSourceObject: {fileID: 0}
  m_PrefabInstance: {fileID: 0}
  m_PrefabAsset: {fileID: 0}
  m_GameObject: {fileID: 3503872905677835483}
  m_LocalRotation: {x: 0, y: 0, z: 0, w: 1}
  m_LocalPosition: {x: 0, y: 0, z: 0}
  m_LocalScale: {x: 1, y: 1, z: 1}
  m_Children:
  - {fileID: 5210358862539019566}
  - {fileID: 5210358863134036548}
  - {fileID: 5210358863453101135}
  - {fileID: 955482756754568585}
  - {fileID: 6652459936804684466}
  m_Father: {fileID: 0}
  m_RootOrder: 0
  m_LocalEulerAnglesHint: {x: 0, y: 0, z: 0}
  m_AnchorMin: {x: 0.5, y: 0.5}
  m_AnchorMax: {x: 0.5, y: 0.5}
  m_AnchoredPosition: {x: 0, y: 0}
  m_SizeDelta: {x: 100, y: 100}
  m_Pivot: {x: 0.5, y: 0.5}
--- !u!114 &3503872905677835476
MonoBehaviour:
  m_ObjectHideFlags: 0
  m_CorrespondingSourceObject: {fileID: 0}
  m_PrefabInstance: {fileID: 0}
  m_PrefabAsset: {fileID: 0}
  m_GameObject: {fileID: 3503872905677835483}
  m_Enabled: 1
  m_EditorHideFlags: 0
  m_Script: {fileID: 1471378983, guid: 2d7d74a2e00787042be8168217532959, type: 3}
  m_Name: 
  m_EditorClassIdentifier: 
  controlWithGamepad: 0
  controllerDeadzone: 0.3
  useCustomInputSystem: 1
  confirmInputName: Fire1
  horizontalInputName: Horizontal
  verticalInputName: Vertical
  indicatorGraphic: {fileID: 0}
  applyIndicatorRotation: 1
  startDegOffset: 0
  menuOptionPrefab: {fileID: 8714087116939601243, guid: 35ada81ede8de714a9a0e0833b812e1c,
    type: 3}
  menuOptions:
  - {fileID: 5210358862539019554}
  - {fileID: 5210358863134036552}
  - {fileID: 5210358863453101123}
  - {fileID: 955482756754568581}
  - {fileID: 6652459936804684478}
  selectedPieceId: -1
  circleSize: 360
  constrainIndicatorPosition: 1
  keepSelectedOption: 1
  defaultSelected: {fileID: 0}
  deselectOptionIfOutsideBorders: 0
  alignRadius: 150
  alignRotation: 1
  alignUpDirection: {x: 0, y: 1, z: 0}
  alignForwardDirection: {x: 0, y: 0, z: 0}
  DoDrawGizmos: 1
  DrawOnlyOnSelected: 0
  BoundaryLength: 1
  DebugFoldout: 0
  SetCircleSizeDirectly: 0
  SelectedCircleSizeId: 0
  ButtonsFoldout: 1
  UseControllerDeadzoneSlider: 1
--- !u!1001 &2647238074278143972
PrefabInstance:
  m_ObjectHideFlags: 0
  serializedVersion: 2
  m_Modification:
    m_TransformParent: {fileID: 3503872905677835477}
    m_Modifications:
    - target: {fileID: 8714087116939601238, guid: 35ada81ede8de714a9a0e0833b812e1c,
        type: 3}
      propertyPath: m_LocalPosition.x
      value: 0
      objectReference: {fileID: 0}
    - target: {fileID: 8714087116939601238, guid: 35ada81ede8de714a9a0e0833b812e1c,
        type: 3}
      propertyPath: m_LocalPosition.y
      value: 0
      objectReference: {fileID: 0}
    - target: {fileID: 8714087116939601238, guid: 35ada81ede8de714a9a0e0833b812e1c,
        type: 3}
      propertyPath: m_LocalPosition.z
      value: 0
      objectReference: {fileID: 0}
    - target: {fileID: 8714087116939601238, guid: 35ada81ede8de714a9a0e0833b812e1c,
        type: 3}
      propertyPath: m_LocalRotation.x
      value: -0
      objectReference: {fileID: 0}
    - target: {fileID: 8714087116939601238, guid: 35ada81ede8de714a9a0e0833b812e1c,
        type: 3}
      propertyPath: m_LocalRotation.y
      value: -0
      objectReference: {fileID: 0}
    - target: {fileID: 8714087116939601238, guid: 35ada81ede8de714a9a0e0833b812e1c,
        type: 3}
      propertyPath: m_LocalRotation.z
      value: -0
      objectReference: {fileID: 0}
    - target: {fileID: 8714087116939601238, guid: 35ada81ede8de714a9a0e0833b812e1c,
        type: 3}
      propertyPath: m_LocalRotation.w
      value: 1
      objectReference: {fileID: 0}
    - target: {fileID: 8714087116939601238, guid: 35ada81ede8de714a9a0e0833b812e1c,
        type: 3}
      propertyPath: m_RootOrder
      value: 4
      objectReference: {fileID: 0}
    - target: {fileID: 8714087116939601238, guid: 35ada81ede8de714a9a0e0833b812e1c,
        type: 3}
      propertyPath: m_LocalEulerAnglesHint.x
      value: 0
      objectReference: {fileID: 0}
    - target: {fileID: 8714087116939601238, guid: 35ada81ede8de714a9a0e0833b812e1c,
        type: 3}
      propertyPath: m_LocalEulerAnglesHint.y
      value: 0
      objectReference: {fileID: 0}
    - target: {fileID: 8714087116939601238, guid: 35ada81ede8de714a9a0e0833b812e1c,
        type: 3}
      propertyPath: m_LocalEulerAnglesHint.z
      value: 0
      objectReference: {fileID: 0}
    - target: {fileID: 8714087116939601238, guid: 35ada81ede8de714a9a0e0833b812e1c,
        type: 3}
      propertyPath: m_AnchoredPosition.x
      value: -88.167786
      objectReference: {fileID: 0}
    - target: {fileID: 8714087116939601238, guid: 35ada81ede8de714a9a0e0833b812e1c,
        type: 3}
      propertyPath: m_AnchoredPosition.y
      value: 121.35254
      objectReference: {fileID: 0}
    - target: {fileID: 8714087116939601238, guid: 35ada81ede8de714a9a0e0833b812e1c,
        type: 3}
      propertyPath: m_SizeDelta.x
      value: 100
      objectReference: {fileID: 0}
    - target: {fileID: 8714087116939601238, guid: 35ada81ede8de714a9a0e0833b812e1c,
        type: 3}
      propertyPath: m_SizeDelta.y
      value: 100
      objectReference: {fileID: 0}
    - target: {fileID: 8714087116939601238, guid: 35ada81ede8de714a9a0e0833b812e1c,
        type: 3}
      propertyPath: m_AnchorMin.x
      value: 0.5
      objectReference: {fileID: 0}
    - target: {fileID: 8714087116939601238, guid: 35ada81ede8de714a9a0e0833b812e1c,
        type: 3}
      propertyPath: m_AnchorMin.y
      value: 0.5
      objectReference: {fileID: 0}
    - target: {fileID: 8714087116939601238, guid: 35ada81ede8de714a9a0e0833b812e1c,
        type: 3}
      propertyPath: m_AnchorMax.x
      value: 0.5
      objectReference: {fileID: 0}
    - target: {fileID: 8714087116939601238, guid: 35ada81ede8de714a9a0e0833b812e1c,
        type: 3}
      propertyPath: m_AnchorMax.y
      value: 0.5
      objectReference: {fileID: 0}
    - target: {fileID: 8714087116939601238, guid: 35ada81ede8de714a9a0e0833b812e1c,
        type: 3}
      propertyPath: m_Pivot.x
      value: 0.5
      objectReference: {fileID: 0}
    - target: {fileID: 8714087116939601238, guid: 35ada81ede8de714a9a0e0833b812e1c,
        type: 3}
      propertyPath: m_Pivot.y
      value: 0.5
      objectReference: {fileID: 0}
    - target: {fileID: 8714087116939601243, guid: 35ada81ede8de714a9a0e0833b812e1c,
        type: 3}
      propertyPath: m_Name
      value: uPIeMenuOptionButton#4
      objectReference: {fileID: 0}
    m_RemovedComponents: []
  m_SourcePrefab: {fileID: 100100000, guid: 35ada81ede8de714a9a0e0833b812e1c, type: 3}
--- !u!224 &6652459936804684466 stripped
RectTransform:
  m_CorrespondingSourceObject: {fileID: 8714087116939601238, guid: 35ada81ede8de714a9a0e0833b812e1c,
    type: 3}
  m_PrefabInstance: {fileID: 2647238074278143972}
  m_PrefabAsset: {fileID: 0}
--- !u!114 &6652459936804684478 stripped
MonoBehaviour:
  m_CorrespondingSourceObject: {fileID: 8714087116939601242, guid: 35ada81ede8de714a9a0e0833b812e1c,
    type: 3}
  m_PrefabInstance: {fileID: 2647238074278143972}
  m_PrefabAsset: {fileID: 0}
  m_GameObject: {fileID: 0}
  m_Enabled: 1
  m_EditorHideFlags: 0
  m_Script: {fileID: 11500000, guid: 4e29b1a8efbd4b44bb3f3716e73f07ff, type: 3}
  m_Name: 
  m_EditorClassIdentifier: 
--- !u!1001 &3503872904177104658
PrefabInstance:
  m_ObjectHideFlags: 0
  serializedVersion: 2
  m_Modification:
    m_TransformParent: {fileID: 3503872905677835477}
    m_Modifications:
    - target: {fileID: 3266320198301827790, guid: 35ada81ede8de714a9a0e0833b812e1c,
        type: 3}
      propertyPath: m_Sprite
      value: 
      objectReference: {fileID: 21300000, guid: 8a3b2f06aa5b745489314ad7f0898170,
        type: 3}
    - target: {fileID: 8714087116939601238, guid: 35ada81ede8de714a9a0e0833b812e1c,
        type: 3}
      propertyPath: m_LocalPosition.x
      value: 0
      objectReference: {fileID: 0}
    - target: {fileID: 8714087116939601238, guid: 35ada81ede8de714a9a0e0833b812e1c,
        type: 3}
      propertyPath: m_LocalPosition.y
      value: 0
      objectReference: {fileID: 0}
    - target: {fileID: 8714087116939601238, guid: 35ada81ede8de714a9a0e0833b812e1c,
        type: 3}
      propertyPath: m_LocalPosition.z
      value: 0
      objectReference: {fileID: 0}
    - target: {fileID: 8714087116939601238, guid: 35ada81ede8de714a9a0e0833b812e1c,
        type: 3}
      propertyPath: m_LocalRotation.x
      value: -0
      objectReference: {fileID: 0}
    - target: {fileID: 8714087116939601238, guid: 35ada81ede8de714a9a0e0833b812e1c,
        type: 3}
      propertyPath: m_LocalRotation.y
      value: -0
      objectReference: {fileID: 0}
    - target: {fileID: 8714087116939601238, guid: 35ada81ede8de714a9a0e0833b812e1c,
        type: 3}
      propertyPath: m_LocalRotation.z
      value: -0
      objectReference: {fileID: 0}
    - target: {fileID: 8714087116939601238, guid: 35ada81ede8de714a9a0e0833b812e1c,
        type: 3}
      propertyPath: m_LocalRotation.w
      value: 1
      objectReference: {fileID: 0}
    - target: {fileID: 8714087116939601238, guid: 35ada81ede8de714a9a0e0833b812e1c,
        type: 3}
      propertyPath: m_RootOrder
      value: 1
      objectReference: {fileID: 0}
    - target: {fileID: 8714087116939601238, guid: 35ada81ede8de714a9a0e0833b812e1c,
        type: 3}
      propertyPath: m_LocalEulerAnglesHint.x
      value: 0
      objectReference: {fileID: 0}
    - target: {fileID: 8714087116939601238, guid: 35ada81ede8de714a9a0e0833b812e1c,
        type: 3}
      propertyPath: m_LocalEulerAnglesHint.y
      value: 0
      objectReference: {fileID: 0}
    - target: {fileID: 8714087116939601238, guid: 35ada81ede8de714a9a0e0833b812e1c,
        type: 3}
      propertyPath: m_LocalEulerAnglesHint.z
      value: 0
      objectReference: {fileID: 0}
    - target: {fileID: 8714087116939601238, guid: 35ada81ede8de714a9a0e0833b812e1c,
        type: 3}
      propertyPath: m_AnchoredPosition.x
      value: 142.65845
      objectReference: {fileID: 0}
    - target: {fileID: 8714087116939601238, guid: 35ada81ede8de714a9a0e0833b812e1c,
        type: 3}
      propertyPath: m_AnchoredPosition.y
      value: -46.35254
      objectReference: {fileID: 0}
    - target: {fileID: 8714087116939601238, guid: 35ada81ede8de714a9a0e0833b812e1c,
        type: 3}
      propertyPath: m_SizeDelta.x
      value: 100
      objectReference: {fileID: 0}
    - target: {fileID: 8714087116939601238, guid: 35ada81ede8de714a9a0e0833b812e1c,
        type: 3}
      propertyPath: m_SizeDelta.y
      value: 100
      objectReference: {fileID: 0}
    - target: {fileID: 8714087116939601238, guid: 35ada81ede8de714a9a0e0833b812e1c,
        type: 3}
      propertyPath: m_AnchorMin.x
      value: 0.5
      objectReference: {fileID: 0}
    - target: {fileID: 8714087116939601238, guid: 35ada81ede8de714a9a0e0833b812e1c,
        type: 3}
      propertyPath: m_AnchorMin.y
      value: 0.5
      objectReference: {fileID: 0}
    - target: {fileID: 8714087116939601238, guid: 35ada81ede8de714a9a0e0833b812e1c,
        type: 3}
      propertyPath: m_AnchorMax.x
      value: 0.5
      objectReference: {fileID: 0}
    - target: {fileID: 8714087116939601238, guid: 35ada81ede8de714a9a0e0833b812e1c,
        type: 3}
      propertyPath: m_AnchorMax.y
      value: 0.5
      objectReference: {fileID: 0}
    - target: {fileID: 8714087116939601238, guid: 35ada81ede8de714a9a0e0833b812e1c,
        type: 3}
      propertyPath: m_Pivot.x
      value: 0.5
      objectReference: {fileID: 0}
    - target: {fileID: 8714087116939601238, guid: 35ada81ede8de714a9a0e0833b812e1c,
        type: 3}
      propertyPath: m_Pivot.y
      value: 0.5
      objectReference: {fileID: 0}
    - target: {fileID: 8714087116939601243, guid: 35ada81ede8de714a9a0e0833b812e1c,
        type: 3}
      propertyPath: m_Name
      value: uPIeMenuOptionButton#1
      objectReference: {fileID: 0}
    m_RemovedComponents: []
  m_SourcePrefab: {fileID: 100100000, guid: 35ada81ede8de714a9a0e0833b812e1c, type: 3}
--- !u!224 &5210358863134036548 stripped
RectTransform:
  m_CorrespondingSourceObject: {fileID: 8714087116939601238, guid: 35ada81ede8de714a9a0e0833b812e1c,
    type: 3}
  m_PrefabInstance: {fileID: 3503872904177104658}
  m_PrefabAsset: {fileID: 0}
--- !u!114 &5210358863134036552 stripped
MonoBehaviour:
  m_CorrespondingSourceObject: {fileID: 8714087116939601242, guid: 35ada81ede8de714a9a0e0833b812e1c,
    type: 3}
  m_PrefabInstance: {fileID: 3503872904177104658}
  m_PrefabAsset: {fileID: 0}
  m_GameObject: {fileID: 0}
  m_Enabled: 1
  m_EditorHideFlags: 0
  m_Script: {fileID: 11500000, guid: 4e29b1a8efbd4b44bb3f3716e73f07ff, type: 3}
  m_Name: 
  m_EditorClassIdentifier: 
--- !u!1001 &3503872904226945305
PrefabInstance:
  m_ObjectHideFlags: 0
  serializedVersion: 2
  m_Modification:
    m_TransformParent: {fileID: 3503872905677835477}
    m_Modifications:
    - target: {fileID: 3266320198301827790, guid: 35ada81ede8de714a9a0e0833b812e1c,
        type: 3}
      propertyPath: m_Sprite
      value: 
      objectReference: {fileID: 21300000, guid: cabeffe9c24d1a84cacbd600712729b3,
        type: 3}
    - target: {fileID: 8714087116939601238, guid: 35ada81ede8de714a9a0e0833b812e1c,
        type: 3}
      propertyPath: m_LocalPosition.x
      value: 0
      objectReference: {fileID: 0}
    - target: {fileID: 8714087116939601238, guid: 35ada81ede8de714a9a0e0833b812e1c,
        type: 3}
      propertyPath: m_LocalPosition.y
      value: 0
      objectReference: {fileID: 0}
    - target: {fileID: 8714087116939601238, guid: 35ada81ede8de714a9a0e0833b812e1c,
        type: 3}
      propertyPath: m_LocalPosition.z
      value: 0
      objectReference: {fileID: 0}
    - target: {fileID: 8714087116939601238, guid: 35ada81ede8de714a9a0e0833b812e1c,
        type: 3}
      propertyPath: m_LocalRotation.x
      value: -0
      objectReference: {fileID: 0}
    - target: {fileID: 8714087116939601238, guid: 35ada81ede8de714a9a0e0833b812e1c,
        type: 3}
      propertyPath: m_LocalRotation.y
      value: -0
      objectReference: {fileID: 0}
    - target: {fileID: 8714087116939601238, guid: 35ada81ede8de714a9a0e0833b812e1c,
        type: 3}
      propertyPath: m_LocalRotation.z
      value: -0
      objectReference: {fileID: 0}
    - target: {fileID: 8714087116939601238, guid: 35ada81ede8de714a9a0e0833b812e1c,
        type: 3}
      propertyPath: m_LocalRotation.w
      value: 1
      objectReference: {fileID: 0}
    - target: {fileID: 8714087116939601238, guid: 35ada81ede8de714a9a0e0833b812e1c,
        type: 3}
      propertyPath: m_RootOrder
      value: 2
      objectReference: {fileID: 0}
    - target: {fileID: 8714087116939601238, guid: 35ada81ede8de714a9a0e0833b812e1c,
        type: 3}
      propertyPath: m_LocalEulerAnglesHint.x
      value: 0
      objectReference: {fileID: 0}
    - target: {fileID: 8714087116939601238, guid: 35ada81ede8de714a9a0e0833b812e1c,
        type: 3}
      propertyPath: m_LocalEulerAnglesHint.y
      value: 0
      objectReference: {fileID: 0}
    - target: {fileID: 8714087116939601238, guid: 35ada81ede8de714a9a0e0833b812e1c,
        type: 3}
      propertyPath: m_LocalEulerAnglesHint.z
      value: 0
      objectReference: {fileID: 0}
    - target: {fileID: 8714087116939601238, guid: 35ada81ede8de714a9a0e0833b812e1c,
        type: 3}
      propertyPath: m_AnchoredPosition.x
      value: 0
      objectReference: {fileID: 0}
    - target: {fileID: 8714087116939601238, guid: 35ada81ede8de714a9a0e0833b812e1c,
        type: 3}
      propertyPath: m_AnchoredPosition.y
      value: -150
      objectReference: {fileID: 0}
    - target: {fileID: 8714087116939601238, guid: 35ada81ede8de714a9a0e0833b812e1c,
        type: 3}
      propertyPath: m_SizeDelta.x
      value: 100
      objectReference: {fileID: 0}
    - target: {fileID: 8714087116939601238, guid: 35ada81ede8de714a9a0e0833b812e1c,
        type: 3}
      propertyPath: m_SizeDelta.y
      value: 100
      objectReference: {fileID: 0}
    - target: {fileID: 8714087116939601238, guid: 35ada81ede8de714a9a0e0833b812e1c,
        type: 3}
      propertyPath: m_AnchorMin.x
      value: 0.5
      objectReference: {fileID: 0}
    - target: {fileID: 8714087116939601238, guid: 35ada81ede8de714a9a0e0833b812e1c,
        type: 3}
      propertyPath: m_AnchorMin.y
      value: 0.5
      objectReference: {fileID: 0}
    - target: {fileID: 8714087116939601238, guid: 35ada81ede8de714a9a0e0833b812e1c,
        type: 3}
      propertyPath: m_AnchorMax.x
      value: 0.5
      objectReference: {fileID: 0}
    - target: {fileID: 8714087116939601238, guid: 35ada81ede8de714a9a0e0833b812e1c,
        type: 3}
      propertyPath: m_AnchorMax.y
      value: 0.5
      objectReference: {fileID: 0}
    - target: {fileID: 8714087116939601238, guid: 35ada81ede8de714a9a0e0833b812e1c,
        type: 3}
      propertyPath: m_Pivot.x
      value: 0.5
      objectReference: {fileID: 0}
    - target: {fileID: 8714087116939601238, guid: 35ada81ede8de714a9a0e0833b812e1c,
        type: 3}
      propertyPath: m_Pivot.y
      value: 0.5
      objectReference: {fileID: 0}
    - target: {fileID: 8714087116939601243, guid: 35ada81ede8de714a9a0e0833b812e1c,
        type: 3}
      propertyPath: m_Name
      value: uPIeMenuOptionButton#2
      objectReference: {fileID: 0}
    m_RemovedComponents: []
  m_SourcePrefab: {fileID: 100100000, guid: 35ada81ede8de714a9a0e0833b812e1c, type: 3}
--- !u!224 &5210358863453101135 stripped
RectTransform:
  m_CorrespondingSourceObject: {fileID: 8714087116939601238, guid: 35ada81ede8de714a9a0e0833b812e1c,
    type: 3}
  m_PrefabInstance: {fileID: 3503872904226945305}
  m_PrefabAsset: {fileID: 0}
--- !u!114 &5210358863453101123 stripped
MonoBehaviour:
  m_CorrespondingSourceObject: {fileID: 8714087116939601242, guid: 35ada81ede8de714a9a0e0833b812e1c,
    type: 3}
  m_PrefabInstance: {fileID: 3503872904226945305}
  m_PrefabAsset: {fileID: 0}
  m_GameObject: {fileID: 0}
  m_Enabled: 1
  m_EditorHideFlags: 0
  m_Script: {fileID: 11500000, guid: 4e29b1a8efbd4b44bb3f3716e73f07ff, type: 3}
  m_Name: 
  m_EditorClassIdentifier: 
--- !u!1001 &3503872905711480952
PrefabInstance:
  m_ObjectHideFlags: 0
  serializedVersion: 2
  m_Modification:
    m_TransformParent: {fileID: 3503872905677835477}
    m_Modifications:
    - target: {fileID: 3266320198301827790, guid: 35ada81ede8de714a9a0e0833b812e1c,
        type: 3}
      propertyPath: m_Sprite
      value: 
      objectReference: {fileID: 21300000, guid: 1ec2bf6835f717b4c9bafd6feb82fa81,
        type: 3}
    - target: {fileID: 8714087116939601238, guid: 35ada81ede8de714a9a0e0833b812e1c,
        type: 3}
      propertyPath: m_LocalPosition.x
      value: 0
      objectReference: {fileID: 0}
    - target: {fileID: 8714087116939601238, guid: 35ada81ede8de714a9a0e0833b812e1c,
        type: 3}
      propertyPath: m_LocalPosition.y
      value: 0
      objectReference: {fileID: 0}
    - target: {fileID: 8714087116939601238, guid: 35ada81ede8de714a9a0e0833b812e1c,
        type: 3}
      propertyPath: m_LocalPosition.z
      value: 0
      objectReference: {fileID: 0}
    - target: {fileID: 8714087116939601238, guid: 35ada81ede8de714a9a0e0833b812e1c,
        type: 3}
      propertyPath: m_LocalRotation.x
      value: -0
      objectReference: {fileID: 0}
    - target: {fileID: 8714087116939601238, guid: 35ada81ede8de714a9a0e0833b812e1c,
        type: 3}
      propertyPath: m_LocalRotation.y
      value: -0
      objectReference: {fileID: 0}
    - target: {fileID: 8714087116939601238, guid: 35ada81ede8de714a9a0e0833b812e1c,
        type: 3}
      propertyPath: m_LocalRotation.z
      value: -0
      objectReference: {fileID: 0}
    - target: {fileID: 8714087116939601238, guid: 35ada81ede8de714a9a0e0833b812e1c,
        type: 3}
      propertyPath: m_LocalRotation.w
      value: 1
      objectReference: {fileID: 0}
    - target: {fileID: 8714087116939601238, guid: 35ada81ede8de714a9a0e0833b812e1c,
        type: 3}
      propertyPath: m_RootOrder
      value: 0
      objectReference: {fileID: 0}
    - target: {fileID: 8714087116939601238, guid: 35ada81ede8de714a9a0e0833b812e1c,
        type: 3}
      propertyPath: m_LocalEulerAnglesHint.x
      value: 0
      objectReference: {fileID: 0}
    - target: {fileID: 8714087116939601238, guid: 35ada81ede8de714a9a0e0833b812e1c,
        type: 3}
      propertyPath: m_LocalEulerAnglesHint.y
      value: 0
      objectReference: {fileID: 0}
    - target: {fileID: 8714087116939601238, guid: 35ada81ede8de714a9a0e0833b812e1c,
        type: 3}
      propertyPath: m_LocalEulerAnglesHint.z
      value: 0
      objectReference: {fileID: 0}
    - target: {fileID: 8714087116939601238, guid: 35ada81ede8de714a9a0e0833b812e1c,
        type: 3}
      propertyPath: m_AnchoredPosition.x
      value: 88.167786
      objectReference: {fileID: 0}
    - target: {fileID: 8714087116939601238, guid: 35ada81ede8de714a9a0e0833b812e1c,
        type: 3}
      propertyPath: m_AnchoredPosition.y
      value: 121.35254
      objectReference: {fileID: 0}
    - target: {fileID: 8714087116939601238, guid: 35ada81ede8de714a9a0e0833b812e1c,
        type: 3}
      propertyPath: m_SizeDelta.x
      value: 100
      objectReference: {fileID: 0}
    - target: {fileID: 8714087116939601238, guid: 35ada81ede8de714a9a0e0833b812e1c,
        type: 3}
      propertyPath: m_SizeDelta.y
      value: 100
      objectReference: {fileID: 0}
    - target: {fileID: 8714087116939601238, guid: 35ada81ede8de714a9a0e0833b812e1c,
        type: 3}
      propertyPath: m_AnchorMin.x
      value: 0.5
      objectReference: {fileID: 0}
    - target: {fileID: 8714087116939601238, guid: 35ada81ede8de714a9a0e0833b812e1c,
        type: 3}
      propertyPath: m_AnchorMin.y
      value: 0.5
      objectReference: {fileID: 0}
    - target: {fileID: 8714087116939601238, guid: 35ada81ede8de714a9a0e0833b812e1c,
        type: 3}
      propertyPath: m_AnchorMax.x
      value: 0.5
      objectReference: {fileID: 0}
    - target: {fileID: 8714087116939601238, guid: 35ada81ede8de714a9a0e0833b812e1c,
        type: 3}
      propertyPath: m_AnchorMax.y
      value: 0.5
      objectReference: {fileID: 0}
    - target: {fileID: 8714087116939601238, guid: 35ada81ede8de714a9a0e0833b812e1c,
        type: 3}
      propertyPath: m_Pivot.x
      value: 0.5
      objectReference: {fileID: 0}
    - target: {fileID: 8714087116939601238, guid: 35ada81ede8de714a9a0e0833b812e1c,
        type: 3}
      propertyPath: m_Pivot.y
      value: 0.5
      objectReference: {fileID: 0}
    - target: {fileID: 8714087116939601243, guid: 35ada81ede8de714a9a0e0833b812e1c,
        type: 3}
      propertyPath: m_Name
      value: uPIeMenuOptionButton#0
      objectReference: {fileID: 0}
    m_RemovedComponents: []
  m_SourcePrefab: {fileID: 100100000, guid: 35ada81ede8de714a9a0e0833b812e1c, type: 3}
--- !u!224 &5210358862539019566 stripped
RectTransform:
  m_CorrespondingSourceObject: {fileID: 8714087116939601238, guid: 35ada81ede8de714a9a0e0833b812e1c,
    type: 3}
  m_PrefabInstance: {fileID: 3503872905711480952}
  m_PrefabAsset: {fileID: 0}
--- !u!114 &5210358862539019554 stripped
MonoBehaviour:
  m_CorrespondingSourceObject: {fileID: 8714087116939601242, guid: 35ada81ede8de714a9a0e0833b812e1c,
    type: 3}
  m_PrefabInstance: {fileID: 3503872905711480952}
  m_PrefabAsset: {fileID: 0}
  m_GameObject: {fileID: 0}
  m_Enabled: 1
  m_EditorHideFlags: 0
  m_Script: {fileID: 11500000, guid: 4e29b1a8efbd4b44bb3f3716e73f07ff, type: 3}
  m_Name: 
  m_EditorClassIdentifier: 
--- !u!1001 &8479194602839199967
PrefabInstance:
  m_ObjectHideFlags: 0
  serializedVersion: 2
  m_Modification:
    m_TransformParent: {fileID: 3503872905677835477}
    m_Modifications:
    - target: {fileID: 8714087116939601238, guid: 35ada81ede8de714a9a0e0833b812e1c,
        type: 3}
      propertyPath: m_LocalPosition.x
      value: 0
      objectReference: {fileID: 0}
    - target: {fileID: 8714087116939601238, guid: 35ada81ede8de714a9a0e0833b812e1c,
        type: 3}
      propertyPath: m_LocalPosition.y
      value: 0
      objectReference: {fileID: 0}
    - target: {fileID: 8714087116939601238, guid: 35ada81ede8de714a9a0e0833b812e1c,
        type: 3}
      propertyPath: m_LocalPosition.z
      value: 0
      objectReference: {fileID: 0}
    - target: {fileID: 8714087116939601238, guid: 35ada81ede8de714a9a0e0833b812e1c,
        type: 3}
      propertyPath: m_LocalRotation.x
      value: -0
      objectReference: {fileID: 0}
    - target: {fileID: 8714087116939601238, guid: 35ada81ede8de714a9a0e0833b812e1c,
        type: 3}
      propertyPath: m_LocalRotation.y
      value: -0
      objectReference: {fileID: 0}
    - target: {fileID: 8714087116939601238, guid: 35ada81ede8de714a9a0e0833b812e1c,
        type: 3}
      propertyPath: m_LocalRotation.z
      value: -0
      objectReference: {fileID: 0}
    - target: {fileID: 8714087116939601238, guid: 35ada81ede8de714a9a0e0833b812e1c,
        type: 3}
      propertyPath: m_LocalRotation.w
      value: 1
      objectReference: {fileID: 0}
    - target: {fileID: 8714087116939601238, guid: 35ada81ede8de714a9a0e0833b812e1c,
        type: 3}
      propertyPath: m_RootOrder
      value: 3
      objectReference: {fileID: 0}
    - target: {fileID: 8714087116939601238, guid: 35ada81ede8de714a9a0e0833b812e1c,
        type: 3}
      propertyPath: m_LocalEulerAnglesHint.x
      value: 0
      objectReference: {fileID: 0}
    - target: {fileID: 8714087116939601238, guid: 35ada81ede8de714a9a0e0833b812e1c,
        type: 3}
      propertyPath: m_LocalEulerAnglesHint.y
      value: 0
      objectReference: {fileID: 0}
    - target: {fileID: 8714087116939601238, guid: 35ada81ede8de714a9a0e0833b812e1c,
        type: 3}
      propertyPath: m_LocalEulerAnglesHint.z
      value: 0
      objectReference: {fileID: 0}
    - target: {fileID: 8714087116939601238, guid: 35ada81ede8de714a9a0e0833b812e1c,
        type: 3}
      propertyPath: m_AnchoredPosition.x
      value: -142.65848
      objectReference: {fileID: 0}
    - target: {fileID: 8714087116939601238, guid: 35ada81ede8de714a9a0e0833b812e1c,
        type: 3}
      propertyPath: m_AnchoredPosition.y
      value: -46.35257
      objectReference: {fileID: 0}
    - target: {fileID: 8714087116939601238, guid: 35ada81ede8de714a9a0e0833b812e1c,
        type: 3}
      propertyPath: m_SizeDelta.x
      value: 100
      objectReference: {fileID: 0}
    - target: {fileID: 8714087116939601238, guid: 35ada81ede8de714a9a0e0833b812e1c,
        type: 3}
      propertyPath: m_SizeDelta.y
      value: 100
      objectReference: {fileID: 0}
    - target: {fileID: 8714087116939601238, guid: 35ada81ede8de714a9a0e0833b812e1c,
        type: 3}
      propertyPath: m_AnchorMin.x
      value: 0.5
      objectReference: {fileID: 0}
    - target: {fileID: 8714087116939601238, guid: 35ada81ede8de714a9a0e0833b812e1c,
        type: 3}
      propertyPath: m_AnchorMin.y
      value: 0.5
      objectReference: {fileID: 0}
    - target: {fileID: 8714087116939601238, guid: 35ada81ede8de714a9a0e0833b812e1c,
        type: 3}
      propertyPath: m_AnchorMax.x
      value: 0.5
      objectReference: {fileID: 0}
    - target: {fileID: 8714087116939601238, guid: 35ada81ede8de714a9a0e0833b812e1c,
        type: 3}
      propertyPath: m_AnchorMax.y
      value: 0.5
      objectReference: {fileID: 0}
    - target: {fileID: 8714087116939601238, guid: 35ada81ede8de714a9a0e0833b812e1c,
        type: 3}
      propertyPath: m_Pivot.x
      value: 0.5
      objectReference: {fileID: 0}
    - target: {fileID: 8714087116939601238, guid: 35ada81ede8de714a9a0e0833b812e1c,
        type: 3}
      propertyPath: m_Pivot.y
      value: 0.5
      objectReference: {fileID: 0}
    - target: {fileID: 8714087116939601243, guid: 35ada81ede8de714a9a0e0833b812e1c,
        type: 3}
      propertyPath: m_Name
      value: uPIeMenuOptionButton#3
      objectReference: {fileID: 0}
    m_RemovedComponents: []
  m_SourcePrefab: {fileID: 100100000, guid: 35ada81ede8de714a9a0e0833b812e1c, type: 3}
--- !u!224 &955482756754568585 stripped
RectTransform:
  m_CorrespondingSourceObject: {fileID: 8714087116939601238, guid: 35ada81ede8de714a9a0e0833b812e1c,
    type: 3}
  m_PrefabInstance: {fileID: 8479194602839199967}
  m_PrefabAsset: {fileID: 0}
--- !u!114 &955482756754568581 stripped
MonoBehaviour:
  m_CorrespondingSourceObject: {fileID: 8714087116939601242, guid: 35ada81ede8de714a9a0e0833b812e1c,
    type: 3}
  m_PrefabInstance: {fileID: 8479194602839199967}
  m_PrefabAsset: {fileID: 0}
  m_GameObject: {fileID: 0}
  m_Enabled: 1
  m_EditorHideFlags: 0
  m_Script: {fileID: 11500000, guid: 4e29b1a8efbd4b44bb3f3716e73f07ff, type: 3}
  m_Name: 
  m_EditorClassIdentifier: 
